<?xml version="1.0" encoding="UTF-8"?><record xmlns="http://www.loc.gov/MARC21/slim" xmlns:cinclude="http://apache.org/cocoon/include/1.0" xmlns:zs="http://www.loc.gov/zing/srw/">
  <leader>00524nz  a2200121n  4500</leader>
  <controlfield tag="001">n 2014075893</controlfield>
  <controlfield tag="003">DLC</controlfield>
  <controlfield tag="005">20141208154145.0</controlfield>
  <controlfield tag="008">141208n| azannaabn          |n aaa     a</controlfield>
  <datafield tag="010" ind1=" " ind2=" ">
    <subfield code="a">n 2014075893</subfield>
  </datafield>
  <datafield tag="040" ind1=" " ind2=" ">
    <subfield code="a">DLC</subfield>
    <subfield code="b">eng</subfield>
    <subfield code="e">rda</subfield>
    <subfield code="c">DLC</subfield>
  </datafield>
  <datafield tag="100" ind1="1" ind2=" ">
    <subfield code="a">Holland, Benny,</subfield>
    <subfield code="d">1942-</subfield>
  </datafield>
  <datafield tag="670" ind1=" " ind2=" ">
    <subfield code="a">Working the port of Houston, 2011-2012:</subfield>
    <subfield code="b">collection materials, American Folklife Center, Library of Congress (Benny Holland; born in 1942, longshoreman at the ship channel of the Port of Houston, and later Ex. VP of the International Longshoreman's Union)</subfield>
  </datafield>
</record>